<collection xmlns="http://www.loc.gov/MARC21/slim">
<record>
  <leader>01143nam0a2200253 i 450 </leader>
  <controlfield tag="001">IT\ICCU\CNCE\058477</controlfield>
  <controlfield tag="005">20130603000000.0</controlfield>
  <datafield tag="012" ind1=" " ind2=" ">
    <subfield code="a">*:s; s:s; s?m; s.um (C) 1593 (R)</subfield>
    <subfield code="2">fei</subfield>
  </datafield>
  <datafield tag="100" ind1=" " ind2=" ">
    <subfield code="a">20040605d1593        0itac0103    ba</subfield>
  </datafield>
  <datafield tag="101" ind1=" " ind2=" ">
    <subfield code="a">LAT</subfield>
  </datafield>
  <datafield tag="102" ind1=" " ind2=" ">
    <subfield code="a">IT</subfield>
  </datafield>
  <datafield tag="200" ind1="1" ind2=" ">
    <subfield code="a">Ad illustrissimum d. Iacobum Bragadenum dignissimum Veronae praetorem Alexandri Zonzii carmen</subfield>
  </datafield>
  <datafield tag="210" ind1=" " ind2=" ">
    <subfield code="a">Veronae</subfield>
    <subfield code="c">apud Hieronymum Discipulum</subfield>
    <subfield code="d">1593</subfield>
  </datafield>
  <datafield tag="215" ind1=" " ind2=" ">
    <subfield code="a">\4! c.</subfield>
    <subfield code="d">4ʻ</subfield>
  </datafield>
  <datafield tag="620" ind1=" " ind2=" ">
    <subfield code="a">IT</subfield>
    <subfield code="d">Verona</subfield>
  </datafield>
  <datafield tag="700" ind1=" " ind2="1">
    <subfield code="a">Zonzi,</subfield>
    <subfield code="b">Alessandro</subfield>
    <subfield code="3">IT\ICCU\CNCA\017812</subfield>
  </datafield>
  <datafield tag="712" ind1="0" ind2="0">
    <subfield code="a">Discepolo, Girolamo</subfield>
    <subfield code="3">IT\ICCU\CNCT\000153</subfield>
    <subfield code="4">650</subfield>
  </datafield>
  <datafield tag="791" ind1="0" ind2="0">
    <subfield code="a">Discipulus, Hieronymus</subfield>
    <subfield code="3">IT\ICCU\CNCT\004702</subfield>
    <subfield code="z">Discepolo, Girolamo</subfield>
  </datafield>
  <datafield tag="791" ind1="0" ind2="0">
    <subfield code="a">Discepoli, Gieronimo</subfield>
    <subfield code="3">IT\ICCU\CNCT\004703</subfield>
    <subfield code="z">Discepolo, Girolamo</subfield>
  </datafield>
  <datafield tag="801" ind1=" " ind2="3">
    <subfield code="a">IT</subfield>
    <subfield code="b">ICCU</subfield>
    <subfield code="c">20201115</subfield>
  </datafield>
  <datafield tag="899" ind1=" " ind2=" ">
    <subfield code="a">British Library. London</subfield>
    <subfield code="1">UK0001</subfield>
  </datafield>
  <datafield tag="899" ind1=" " ind2=" ">
    <subfield code="a">Biblioteca civica. Verona</subfield>
    <subfield code="1">VR0059</subfield>
    <subfield code="2">ZVR 02</subfield>
  </datafield>
  <datafield tag="911" ind1=" " ind2=" ">
    <subfield code="a">Sul front.</subfield>
    <subfield code="9">IT\ICCU\CNCM\000228</subfield>
  </datafield>
  <datafield tag="921" ind1=" " ind2=" ">
    <subfield code="a">IT\ICCU\CNCM\000228</subfield>
    <subfield code="b">Il *genio dell&apos;Industria salva la Fortuna dalle acque. In cornice figurata</subfield>
    <subfield code="e">Fortuna forti sublevanda Industria.</subfield>
    <subfield code="c">V539</subfield>
    <subfield code="d">Dimensioni: 6,7 x 7,5</subfield>
    <subfield code="f">FORTUNA</subfield>
    <subfield code="f">FORTUNAFOR</subfield>
    <subfield code="f">INDUSTRIA</subfield>
    <subfield code="g">1585-1599</subfield>
  </datafield>
</record>
</collection>
